@inproceedings{StarkweatherMMWW91,
  author    = {T. Starkweather and
               S. McDaniel and
               K. E. Mathias and
               L. D. Whitley and
               C. Whitley},
  title     = {{A Comparison of Genetic Sequencing Operators}},
  booktitle = {ICGA},
  pages     = {69--76},
  year      = {1991},
}


@inproceedings{EshelmanS92,
  author    = {L. J. Eshelman and
               J. D. Schaffer},
  title     = {Real-Coded Genetic Algorithms and Interval-Schemata},
  booktitle = {FOGA},
  pages     = {187--202},
  year      = {1992},
}

@inproceedings{LiOH11,
  author    = {M. Li and
               C. O'Riordan and
               S. Hill},
  title     = {{An analysis of multi-chromosome GAs in deceptive problems}},
  booktitle = {GECCO},
  pages     = {1021--1028},
  year      = {2011},
}


@inproceedings{Eshelman90,
  author    = {L. J. Eshelman},
  title     = {{The {CHC} Adaptive Search Algorithm: How to Have Safe Search When
               Engaging in Nontraditional Genetic Recombination}},
  booktitle = {FOGA},
  pages     = {265--283},
  year      = {1990},
}

